@Manual{R-base,
  title = {R: A Language and Environment for Statistical Computing},
  author = {{R Core Team}},
  organization = {R Foundation for Statistical Computing},
  address = {Vienna, Austria},
  year = {2020},
  url = {https://www.R-project.org/},
}

@Manual{R-knitr,
  title = {knitr: A General-Purpose Package for Dynamic Report Generation in R},
  author = {Yihui Xie},
  year = {2020},
  note = {R package version 1.29},
  url = {https://CRAN.R-project.org/package=knitr},
}

@Manual{R-LeafArea,
  title = {LeafArea: Rapid Digital Image Analysis of Leaf Area},
  author = {Masatoshi Katabuchi},
  year = {2019},
  note = {R package version 0.1.8},
  url = {https://CRAN.R-project.org/package=LeafArea},
}

@Manual{R-rmarkdown,
  title = {rmarkdown: Dynamic Documents for R},
  author = {JJ Allaire and Yihui Xie and Jonathan McPherson and Javier Luraschi and Kevin Ushey and Aron Atkins and Hadley Wickham and Joe Cheng and Winston Chang and Richard Iannone},
  year = {2020},
  note = {R package version 2.3},
  url = {https://CRAN.R-project.org/package=rmarkdown},
}

@Manual{R-stringi,
  title = {stringi: Character String Processing Facilities},
  author = {Marek Gagolewski and Bartek Tartanus and other contributors; IBM and {Unicode} and {Inc.} and other contributors; Unicode and {Inc.}},
  year = {2020},
  note = {R package version 1.4.6},
  url = {https://CRAN.R-project.org/package=stringi},
}

@Manual{R-stringr,
  title = {stringr: Simple, Consistent Wrappers for Common String Operations},
  author = {Hadley Wickham},
  year = {2019},
  note = {R package version 1.4.0},
  url = {https://CRAN.R-project.org/package=stringr},
}

@Book{knitr2015,
  title = {Dynamic Documents with {R} and knitr},
  author = {Yihui Xie},
  publisher = {Chapman and Hall/CRC},
  address = {Boca Raton, Florida},
  year = {2015},
  edition = {2nd},
  note = {ISBN 978-1498716963},
  url = {https://yihui.org/knitr/},
}

@InCollection{knitr2014,
  booktitle = {Implementing Reproducible Computational Research},
  editor = {Victoria Stodden and Friedrich Leisch and Roger D. Peng},
  title = {knitr: A Comprehensive Tool for Reproducible Research in {R}},
  author = {Yihui Xie},
  publisher = {Chapman and Hall/CRC},
  year = {2014},
  note = {ISBN 978-1466561595},
  url = {http://www.crcpress.com/product/isbn/9781466561595},
}

@Article{LeafArea2015,
  title = {{{LeafArea}}: An {{R}} Package for Rapid Digital Image Analysis of Leaf Area},
  volume = {30},
  copyright = {All rights reserved},
  issn = {14401703},
  number = {6},
  journal = {Ecological Research},
  doi = {10.1007/s11284-015-1307-x},
  author = {{Katabuchi} and {Masatoshi}},
  month = {sep},
  year = {2015},
  keywords = {Leaf size, Plant functional traits, Area normalization, Leaf mass per area (LMA), Specific leaf area (SLA)},
  pages = {1073-1077},
}

@Book{rmarkdown2018,
  title = {R Markdown: The Definitive Guide},
  author = {Yihui Xie and J.J. Allaire and Garrett Grolemund},
  publisher = {Chapman and Hall/CRC},
  address = {Boca Raton, Florida},
  year = {2018},
  note = {ISBN 9781138359338},
  url = {https://bookdown.org/yihui/rmarkdown},
}

@Manual{stringi2020,
  title = {R package stringi: Character string processing facilities},
  author = {Marek Gagolewski},
  year = {2020},
  url = {http://www.gagolewski.com/software/stringi/},
}

